@phdthesis{natarajan2005klu,
  title={KLU--A high performance sparse linear solver for circuit simulation problems},
  author={Natarajan, Ekanathan Palamadai},
  year={2005},
  school={University of Florida}
}

@article{rose1976algorithmic,
  title={Algorithmic aspects of vertex elimination on graphs},
  author={Rose, Donald J and Tarjan, R Endre and Lueker, George S},
  journal={SIAM Journal on computing},
  volume={5},
  number={2},
  pages={266--283},
  year={1976},
  publisher={SIAM}
}

@article{gilbert1988sparse,
  title={Sparse partial pivoting in time proportional to arithmetic operations},
  author={Gilbert, John R and Peierls, Tim},
  journal={SIAM journal on scientific and statistical computing},
  volume={9},
  number={5},
  pages={862--874},
  year={1988},
  publisher={SIAM}
}